@article{McEliece1978public,
  title={A public-key cryptosystem based on algebraic},
  author={McEliece, Robert J},
  journal={Coding Thv},
  volume={4244},
  pages={114--116},
  year={1978}
}

@book{Schneier2007Applied,
  title={Applied cryptography: protocols, algorithms, and source code in C},
  author={Schneier, Bruce},
  year={2007},
  publisher={John Wiley \& Sons}
}

@book{Stinson2018Cryptography,
  title={Cryptography: theory and practice},
  author={Stinson, Douglas Robert and Paterson, Maura},
  year={2018},
  publisher={CRC press}
}

@book{Kunz1991,
author="Kunz, Ernst",
title="Endliche K{\"o}rper (Galois-Felder)",
year="1991",
publisher="Vieweg+Teubner Verlag",
pages="185--190"
}
@ARTICLE{6553164,
  author={J. {Faugère} and V. {Gauthier-Umaña} and A. {Otmani} and L. {Perret} and J. {Tillich}},
  journal={IEEE Transactions on Information Theory}, 
  title={A Distinguisher for High-Rate McEliece Cryptosystems}, 
  year={2013},
  volume={59},
  number={10},
 }
@article{ljubic2004exact,
  title={Exact and memetic algorithms for two network design problems},
  author={Ljubic, Ivana},
  journal={PhD, Technische Universitat Wien, Vienna Austria},
  year={2004}
}

@article{nojima2008semantic,
  title={Semantic security for the McEliece cryptosystem without random oracles},
  author={Nojima, Ryo and Imai, Hideki and Kobara, Kazukuni and Morozov, Kirill},
  journal={Designs, Codes and Cryptography},
  volume={49},
  number={1-3},
  pages={289--305},
  year={2008},
  publisher={Springer}
}

@article{dottling2012cca2,
  title={A CCA2 secure variant of the McEliece cryptosystem},
  author={Dottling, Nico and Dowsley, Rafael and Muller-Quade, J{\"o}rn and Nascimento, Anderson CA},
  journal={IEEE Transactions on Information Theory},
  volume={58},
  number={10},
  pages={6672--6680},
  year={2012},
  publisher={IEEE}
}


@article{baldi2016enhanced,
  title={Enhanced public key security for the McEliece cryptosystem},
  author={Baldi, Marco and Bianchi, Marco and Chiaraluce, Franco and Rosenthal, Joachim and Schipani, Davide},
  journal={Journal of Cryptology},
  volume={29},
  number={1},
  pages={1--27},
  year={2016},
  publisher={Springer}
}

@inproceedings{canteaut1998cryptanalysis,
  title={Cryptanalysis of the original McEliece cryptosystem},
  author={Canteaut, Anne and Sendrier, Nicolas},
  booktitle={International Conference on the Theory and Application of Cryptology and Information Security},
  pages={187--199},
  year={1998},
  organization={Springer}
}


